@inproceedings{leap,
  title={Leap Motion Technology in Learning},
  author={P{\u{a}}v{\u{a}}loiu, Ionel-Bujorel},
  booktitle={Conference Paper. EpSBS, Bukure{\v{s}}t'},
  year={2016}
}